@article{rose2012software,
  title={Software Entrepreneurship: two paradigms for promoting new information technology ventures},
  author={Rose, Jeremy},
  year={2012}
}
@book{osterwalder2009business,
  title={Business Model Generation: A Handbook for Visionaries, Game Changers, and Challengers},
  author={Osterwalder, A. and Pigneur, Y.},
  isbn={9782839905800},
  url={https://books.google.dk/books?id=Bjj8G3ttLWUC},
  year={2009},
  publisher={Alexander Osterwalder \& Yves Pigneur}
}